@ARTICLE{1985MNRAS.215..171M,
    author = {{Mikkola}, S.},
    title = "{A practical and regular formulation of the N-body equations}",
    journal = {\mnras},
    year = 1985,
    month = jul,
    volume = 215,
    pages = {171-177},
    adsurl = {http://adsabs.harvard.edu/cgi-bin/nph-bib_query?bibcode=1985MNRAS.215..171M&db_key=AST},
    adsnote = {Provided by the NASA Astrophysics Data System}
}

@ARTICLE{2001MNRAS.321..398M,
    author = {{Mardling}, R.~A. and {Aarseth}, S.~J.},
    title = "{Tidal interactions in star cluster simulations}",
    journal = {\mnras},
    year = 2001,
    month = mar,
    volume = 321,
    pages = {398-420},
    adsurl = {http://adsabs.harvard.edu/cgi-bin/nph-bib_query?bibcode=2001MNRAS.321..398M&db_key=AST},
    adsnote = {Provided by the NASA Astrophysics Data System}
}

%%%%%%%%%%%%%%%%%%%%%%%%%%%%%%%%%%%%%%%%%%%%%%%%%%%%%%%%%%%%%%%%%%%%%%%%%%%%%%
%%% Starlab references
%%%%%%%%%%%%%%%%%%%%%%%%%%%%%%%%%%%%%%%%%%%%%%%%%%%%%%%%%%%%%%%%%%%%%%%%%%%%%%
@INPROCEEDINGS{1996oedb.conf..413M,
    author = {{McMillan}, S.~L.~W.},
    title = "{STARLAB Gravitational Scattering Experiments}",
    booktitle = {ASP Conf. Ser.  90: The Origins, Evolution, and Destinies of Binary Stars in Clusters},
    year = 1996,
    pages = {413-+},
    adsurl = {http://adsabs.harvard.edu/cgi-bin/nph-bib_query?bibcode=1996oedb.conf..413M&db_key=AST},
    adsnote = {Provided by the NASA Astrophysics Data System}
}

@ARTICLE{1996ApJ...467..348M,
    author = {{McMillan}, S.~L.~W. and {Hut}, P.},
    title = "{Binary--Single-Star Scattering. VI. Automatic Determination of Interaction Cross Sections}",
    journal = {\apj},
    year = 1996,
    month = aug,
    volume = 467,
    pages = {348-+},
    adsurl = {http://adsabs.harvard.edu/cgi-bin/nph-bib_query?bibcode=1996ApJ...467..348M&db_key=AST},
    adsnote = {Provided by the NASA Astrophysics Data System}
}

%%%%%%%%%%%%%%%%%%%%%%%%%%%%%%%%%%%%%%%%%%%%%%%%%%%%%%%%%%%%%%%%%%%%%%%%%%%%%%
%%% comparison references
%%%%%%%%%%%%%%%%%%%%%%%%%%%%%%%%%%%%%%%%%%%%%%%%%%%%%%%%%%%%%%%%%%%%%%%%%%%%%%
@ARTICLE{1983ApJ...268..319H,
    author = {{Hut}, P. and {Bahcall}, J.~N.},
    title = "{Binary-single star scattering. I - Numerical experiments for equal masses}",
    journal = {\apj},
    year = 1983,
    month = may,
    volume = 268,
    pages = {319-341},
    adsurl = {http://adsabs.harvard.edu/cgi-bin/nph-bib_query?bibcode=1983ApJ...268..319H&db_key=AST},
    adsnote = {Provided by the NASA Astrophysics Data System}
}

@ARTICLE{1983MNRAS.203.1107M,
    author = {{Mikkola}, S.},
    title = "{Encounters of binaries. I - Equal energies}",
    journal = {\mnras},
    year = 1983,
    month = jun,
    volume = 203,
    pages = {1107-1121},
    adsurl = {http://adsabs.harvard.edu/cgi-bin/nph-bib_query?bibcode=1983MNRAS.203.1107M&db_key=AST},
    adsnote = {Provided by the NASA Astrophysics Data System}
}

@ARTICLE{1996MNRAS.281..830B,
    author = {{Bacon}, D. and {Sigurdsson}, S. and {Davies}, M.~B.},
    title = "{Close approach during hard binary-binary scattering}",
    journal = {\mnras},
    year = 1996,
    month = aug,
    volume = 281,
    pages = {830-846},
    url = {http://adsabs.harvard.edu/cgi-bin/nph-bib_query?bibcode=1996MNRAS.281..830B&db_key=AST},
    adsnote = {Provided by the NASA Astrophysics Data System}
}

%%%%%%%%%%%%%%%%%%%%%%%%%%%%%%%%%%%%%%%%%%%%%%%%%%%%%%%%%%%%%%%%%%%%%%%%%%%%%%
%%% other scattering papers
%%%%%%%%%%%%%%%%%%%%%%%%%%%%%%%%%%%%%%%%%%%%%%%%%%%%%%%%%%%%%%%%%%%%%%%%%%%%%%
@ARTICLE{1920MNRAS..80..590B,
    author = {{Becker}, L.},
    title = "{Capture orbits, On}",
    journal = {\mnras},
    year = 1920,
    month = apr,
    volume = 80,
    pages = {590-+},
    adsurl = {http://adsabs.harvard.edu/cgi-bin/nph-bib_query?bibcode=1920MNRAS..80..590B&amp;db_key=AST},
    adsnote = {Provided by the NASA Astrophysics Data System}
}

@ARTICLE{1986JCoPh..64..195A,
    author = {{Alexander}, M.~E.},
    title = "{Simulation of binary-single star and binary-binary scattering}",
    journal = {Journal of Computational Physics},
    year = 1986,
    month = may,
    volume = 64,
    pages = {195-219},
    adsurl = {http://adsabs.harvard.edu/cgi-bin/nph-bib_query?bibcode=1986JCoPh..64..195A&db_key=AST},
    adsnote = {Provided by the NASA Astrophysics Data System}
}

@ARTICLE{1995ApJS...99..609S,
    author = {{Sigurdsson}, S. and {Phinney}, E.~S.},
    title = "{Dynamics and Interactions of Binaries and Neutron Stars in Globular Clusters}",
    journal = {\apjs},
    year = 1995,
    month = aug,
    volume = 99,
    pages = {609-+},
    adsurl = {http://adsabs.harvard.edu/cgi-bin/nph-bib_query?bibcode=1995ApJS...99..609S&db_key=AST},
    adsnote = {Provided by the NASA Astrophysics Data System}
}

@ARTICLE{1983AJ.....88.1420H,
    author = {{Hoffer}, J.~B.},
    title = "{Computer simulations of gravitational encounters between pairs of binary star systems}",
    journal = {\aj},
    year = 1983,
    month = sep,
    volume = 88,
    pages = {1420-1434},
    adsurl = {http://adsabs.harvard.edu/cgi-bin/nph-bib_query?bibcode=1983AJ.....88.1420H&db_key=AST},
    adsnote = {Provided by the NASA Astrophysics Data System}
}

@ARTICLE{1975AJ.....80..809H,
    author = {{Hills}, J.~G.},
    title = "{Encounters between binary and single stars and their effect on the dynamical evolution of stellar systems}",
    journal = {\aj},
    year = 1975,
    month = oct,
    volume = 80,
    pages = {809-825},
    adsurl = {http://adsabs.harvard.edu/cgi-bin/nph-bib_query?bibcode=1975AJ.....80..809H&db_key=AST},
    adsnote = {Provided by the NASA Astrophysics Data System}
}

@ARTICLE{1975AJ.....80.1075H,
    author = {{Hills}, J.~G.},
    title = "{Effect of binary stars on the dynamical evolution of stellar clusters. II - Analytic evolutionary models}",
    journal = {\aj},
    year = 1975,
    month = dec,
    volume = 80,
    pages = {1075-1080},
    adsurl = {http://adsabs.harvard.edu/cgi-bin/nph-bib_query?bibcode=1975AJ.....80.1075H&db_key=AST},
    adsnote = {Provided by the NASA Astrophysics Data System}
}

@ARTICLE{1985ApJ...298..502H,
    author = {{Hut}, P. and {Inagaki}, S.},
    title = "{Globular cluster evolution with finite-size stars - Cross sections and reaction rates}",
    journal = {\apj},
    year = 1985,
    month = nov,
    volume = 298,
    pages = {502-520},
    adsurl = {http://adsabs.harvard.edu/cgi-bin/nph-bib_query?bibcode=1985ApJ...298..502H&db_key=AST},
    adsnote = {Provided by the NASA Astrophysics Data System}
}

@ARTICLE{1980AJ.....85.1281H,
    author = {{Hills}, J.~G. and {Fullerton}, L.~W.},
    title = "{Computer simulations of close encounters between single stars and hard binaries}",
    journal = {\aj},
    year = 1980,
    month = sep,
    volume = 85,
    pages = {1281-1291},
    adsurl = {http://adsabs.harvard.edu/cgi-bin/nph-bib_query?bibcode=1980AJ.....85.1281H&db_key=AST},
    adsnote = {Provided by the NASA Astrophysics Data System}
}

@ARTICLE{1982AJ.....87..175F,
    author = {{Fullerton}, L.~W. and {Hills}, J.~G.},
    title = "{Computer simulations of close encounters between binary and single stars - The effect of the impact velocity and the stellar masses}",
    journal = {\aj},
    year = 1982,
    month = jan,
    volume = 87,
    pages = {175-183},
    adsurl = {http://adsabs.harvard.edu/cgi-bin/nph-bib_query?bibcode=1982AJ.....87..175F&db_key=AST},
    adsnote = {Provided by the NASA Astrophysics Data System}
}

@ARTICLE{1986ApJ...306..552M,
    author = {{McMillan}, S.~L.~W.},
    title = "{Triple interactions involving close binaries in globular clusters}",
    journal = {\apj},
    year = 1986,
    month = jul,
    volume = 306,
    pages = {552-564},
    adsurl = {http://adsabs.harvard.edu/cgi-bin/nph-bib_query?bibcode=1986ApJ...306..552M&db_key=AST},
    adsnote = {Provided by the NASA Astrophysics Data System}
}

@ARTICLE{1989ApJ...345..210R,
    author = {{Rappaport}, S. and {Putney}, A. and {Verbunt}, F.},
    title = "{Evolution of wide binary millisecond pulsars in globular clusters}",
    journal = {\apj},
    year = 1989,
    month = oct,
    volume = 345,
    pages = {210-221},
    adsurl = {http://adsabs.harvard.edu/cgi-bin/nph-bib_query?bibcode=1989ApJ...345..210R&db_key=AST},
    adsnote = {Provided by the NASA Astrophysics Data System}
}

@ARTICLE{1993ApJ...415..631S,
    author = {{Sigurdsson}, S. and {Phinney}, E.~S.},
    title = "{Binary--Single Star Interactions in Globular Clusters}",
    journal = {\apj},
    year = 1993,
    month = oct,
    volume = 415,
    pages = {631-+},
    adsurl = {http://adsabs.harvard.edu/cgi-bin/nph-bib_query?bibcode=1993ApJ...415..631S&db_key=AST},
    adsnote = {Provided by the NASA Astrophysics Data System}
}

@ARTICLE{1995ApJ...438L..33R,
    author = {{Rasio}, F.~A. and {McMillan}, S. and {Hut}, P.},
    title = "{Binary-binary interactions and the formation of the PSR B1620-26 triple system in M4}",
    journal = {\apjl},
    year = 1995,
    month = jan,
    volume = 438,
    pages = {L33-L36},
    adsurl = {http://adsabs.harvard.edu/cgi-bin/nph-bib_query?bibcode=1995ApJ...438L..33R&db_key=AST},
    adsnote = {Provided by the NASA Astrophysics Data System}
}

%%%%%%%%%%%%%%%%%%%%%%%%%%%%%%%%%%%%%%%%%%%%%%%%%%%%%%%%%%%%%%%%%%%%%%%%%%%%%%
%%% globular cluster code references
%%%%%%%%%%%%%%%%%%%%%%%%%%%%%%%%%%%%%%%%%%%%%%%%%%%%%%%%%%%%%%%%%%%%%%%%%%%%%%
@INPROCEEDINGS{2001ibsp.conf..387R,
    author = {{Rasio}, F.~A. and {Fregeau}, J.~M. and {Joshi}, K.~J.},
    title = "{Binaries and Globular Cluster Dynamics}",
    booktitle = {ASSL Vol. 264: The Influence of Binaries on Stellar Population Studies},
    year = 2001,
    pages = {387-+},
    adsurl = {http://adsabs.harvard.edu/cgi-bin/nph-bib_query?bibcode=2001ibsp.conf..387R&db_key=AST},
    adsnote = {Provided by the NASA Astrophysics Data System}
}

@ARTICLE{2003ApJ...593..772F,
    author = {{Fregeau}, J.~M. and {G{\" u}rkan}, M.~A. and {Joshi}, K.~J. and 
	{Rasio}, F.~A.},
    title = "{Monte Carlo Simulations of Globular Cluster Evolution. III. Primordial Binary Interactions}",
    journal = {\apj},
    year = 2003,
    month = aug,
    volume = 593,
    pages = {772-787},
    adsurl = {http://adsabs.harvard.edu/cgi-bin/nph-bib_query?bibcode=2003ApJ...593..772F&db_key=AST},
    adsnote = {Provided by the NASA Astrophysics Data System}
}

%%%%%%%%%%%%%%%%%%%%%%%%%%%%%%%%%%%%%%%%%%%%%%%%%%%%%%%%%%%%%%%%%%%%%%%%%%%%%%
%%% other references
%%%%%%%%%%%%%%%%%%%%%%%%%%%%%%%%%%%%%%%%%%%%%%%%%%%%%%%%%%%%%%%%%%%%%%%%%%%%%%
@BOOK{1987gady.book.....B,
    author = {{Binney}, J. and {Tremaine}, S.},
    title = "{Galactic dynamics}",
    publisher = {Princeton, NJ, Princeton University Press, 1987, 747 p.},
    year = 1987,
    adsurl = {http://adsabs.harvard.edu/cgi-bin/nph-bib_query?bibcode=1987gady.book.....B&db_key=AST},
    adsnote = {Provided by the NASA Astrophysics Data System}
}

@ARTICLE{1976ApL....17...87H,
    author = {{Hills}, J.~G. and {Day}, C.~A.},
    title = "{Stellar Collisions in Globular Clusters}",
    journal = {\aplett},
    year = 1976,
    month = feb,
    volume = 17,
    pages = {87-+},
    adsurl = {http://adsabs.harvard.edu/cgi-bin/nph-bib_query?bibcode=1976ApL....17...87H&db_key=AST},
    adsnote = {Provided by the NASA Astrophysics Data System}
}

@ARTICLE{1992ApJ...401..246D,
    author = {{Davies}, M.~B. and {Benz}, W. and {Hills}, J.~G.},
    title = "{Stellar encounters involving neutron stars in globular cluster cores}",
    journal = {\apj},
    year = 1992,
    month = dec,
    volume = 401,
    pages = {246-259},
    adsurl = {http://adsabs.harvard.edu/cgi-bin/nph-bib_query?bibcode=1992ApJ...401..246D&amp;db_key=AST},
    adsnote = {Provided by the NASA Astrophysics Data System}
}

@ARTICLE{1992ApJ...396..587D,
    author = {{Di Stefano}, R. and {Rappaport}, S.},
    title = "{Production of recycled pulsars in globular clusters via two-body tidal capture}",
    journal = {\apj},
    year = 1992,
    month = sep,
    volume = 396,
    pages = {587-605},
    adsurl = {http://adsabs.harvard.edu/cgi-bin/nph-bib_query?bibcode=1992ApJ...396..587D&amp;db_key=AST},
    adsnote = {Provided by the NASA Astrophysics Data System}
}

@ARTICLE{1991ApJ...377..559R,
    author = {{Rasio}, F.~A. and {Shapiro}, S.~L.},
    title = "{Collisions of giant stars with compact objects - Hydrodynamical calculations}",
    journal = {\apj},
    year = 1991,
    month = aug,
    volume = 377,
    pages = {559-580},
    adsurl = {http://adsabs.harvard.edu/cgi-bin/nph-bib_query?bibcode=1991ApJ...377..559R&amp;db_key=AST},
    adsnote = {Provided by the NASA Astrophysics Data System}
}

@ARTICLE{2000ApJ...532L..47R,
    author = {{Rasio}, F.~A. and {Pfahl}, E.~D. and {Rappaport}, S.},
    title = "{Formation of Short-Period Binary Pulsars in Globular Clusters}",
    journal = {\apjl},
    year = 2000,
    month = mar,
    volume = 532,
    pages = {L47-L50},
    adsurl = {http://adsabs.harvard.edu/cgi-bin/nph-bib_query?bibcode=2000ApJ...532L..47R&amp;db_key=AST},
    adsnote = {Provided by the NASA Astrophysics Data System}
}

@ARTICLE{1994ApJ...423..274D,
    author = {{Di Stefano}, R. and {Rappaport}, S.},
    title = "{Predictions of a population of cataclysmic variables in globular clusters}",
    journal = {\apj},
    year = 1994,
    month = mar,
    volume = 423,
    pages = {274-293},
    adsurl = {http://adsabs.harvard.edu/cgi-bin/nph-bib_query?bibcode=1994ApJ...423..274D&amp;db_key=AST},
    adsnote = {Provided by the NASA Astrophysics Data System}
}

@ARTICLE{1997MNRAS.288..117D,
    author = {{Davies}, M.~B.},
    title = "{Cataclysmic variable production in globular clusters}",
    journal = {\mnras},
    year = 1997,
    month = jun,
    volume = 288,
    pages = {117-128},
    adsurl = {http://adsabs.harvard.edu/cgi-bin/nph-bib_query?bibcode=1997MNRAS.288..117D&amp;db_key=AST},
    adsnote = {Provided by the NASA Astrophysics Data System}
}

@ARTICLE{1998ApJ...508L..75C,
    author = {{Cool}, A.~M. and {Grindlay}, J.~E. and {Cohn}, H.~N. and {Lugger}, P.~M. and 
	{Bailyn}, C.~D.},
    title = "{Cataclysmic Variables and a New Class of Faint Ultraviolet Stars in the Globular Cluster NGC 6397}",
    journal = {\apjl},
    year = 1998,
    month = nov,
    volume = 508,
    pages = {L75-L79},
    adsurl = {http://adsabs.harvard.edu/cgi-bin/nph-bib_query?bibcode=1998ApJ...508L..75C&amp;db_key=AST},
    adsnote = {Provided by the NASA Astrophysics Data System}
}

@ARTICLE{1999ApJ...516..250E,
    author = {{Edmonds}, P.~D. and {Grindlay}, J.~E. and {Cool}, A. and {Cohn}, H. and 
	{Lugger}, P. and {Bailyn}, C.},
    title = "{Cataclysmic Variables and a Candidate Helium White Dwarf in the Globular Cluster NGC 6397}",
    journal = {\apj},
    year = 1999,
    month = may,
    volume = 516,
    pages = {250-262},
    adsurl = {http://adsabs.harvard.edu/cgi-bin/nph-bib_query?bibcode=1999ApJ...516..250E&amp;db_key=AST},
    adsnote = {Provided by the NASA Astrophysics Data System}
}

@ARTICLE{1997ApJ...484..741R,
    author = {{Richer}, H.~B. and {Fahlman}, G.~G. and {Ibata}, R.~A. and 
	{Pryor}, C. and {Bell}, R.~A. and {Bolte}, M. and {Bond}, H.~E. and 
	{Harris}, W.~E. and {Hesser}, J.~E. and {Holland}, S. and {Ivanans}, N. and 
	{Mandushev}, G. and {Stetson}, P.~B. and {Wood}, M.~A.},
    title = "{White Dwarfs in Globular Clusters: Hubble Space Telescope Observations of M4}",
    journal = {\apj},
    year = 1997,
    month = jul,
    volume = 484,
    pages = {741-+},
    adsurl = {http://adsabs.harvard.edu/cgi-bin/nph-bib_query?bibcode=1997ApJ...484..741R&amp;db_key=AST},
    adsnote = {Provided by the NASA Astrophysics Data System}
}

@ARTICLE{1996ApJ...473L..31B,
    author = {{Bailyn}, C.~D. and {Rubenstein}, E.~P. and {Slavin}, S.~D. and 
	{Cohn}, H. and {Lugger}, P. and {Cool}, A.~M. and {Grindlay}, J.~E.
	},
    title = "{Hubble Space Telescope Observations of the Post-- Core-Collapse Globular Cluster NGC 6752: A Search for Cataclysmic Variables}",
    journal = {\apjl},
    year = 1996,
    month = dec,
    volume = 473,
    pages = {L31+},
    adsurl = {http://adsabs.harvard.edu/cgi-bin/nph-bib_query?bibcode=1996ApJ...473L..31B&amp;db_key=AST},
    adsnote = {Provided by the NASA Astrophysics Data System}
}

@ARTICLE{1997ApJ...489L..59S,
    author = {{Shara}, M.~M. and {Saffer}, R.~A. and {Livio}, M.},
    title = "{The First Direct Measurement of the Mass of a Blue Straggler in the Core of a Globular Cluster: BSS 19 in 47 Tucanae}",
    journal = {\apjl},
    year = 1997,
    month = nov,
    volume = 489,
    pages = {L59+},
    adsurl = {http://adsabs.harvard.edu/cgi-bin/nph-bib_query?bibcode=1997ApJ...489L..59S&amp;db_key=AST},
    adsnote = {Provided by the NASA Astrophysics Data System}
}

@ARTICLE{2000AAS...196.4106S,
    author = {{Sepinsky}, J.~F. and {Saffer}, R.~A. and {Pilman}, C.~S. and 
	{DeMarchi}, G. and {Paresce}, F.},
    title = "{The Amazing Blue Stragglers in the Core of the Galactic Globular Cluster NGC 6397}",
    journal = {Bulletin of the American Astronomical Society},
    year = 2000,
    month = may,
    volume = 32,
    pages = {740-+},
    adsurl = {http://adsabs.harvard.edu/cgi-bin/nph-bib_query?bibcode=2000AAS...196.4106S&amp;db_key=AST},
    adsnote = {Provided by the NASA Astrophysics Data System}
}

@INPROCEEDINGS{1992IAUS..151..473M,
    author = {{Milone}, A.~A.~E. and {Latham}, D.~W. and {Mathieu}, R.~D. and 
	{Morse}, J.~A. and {Davis}, R.~J.},
    title = "{Can Evolution in Close Binaries Account for the Blue Stragglers in M67}",
    booktitle = {IAU Symp. 151: Evolutionary Processes in Interacting Binary Stars},
    year = 1992,
    pages = {473-+},
    adsurl = {http://adsabs.harvard.edu/cgi-bin/nph-bib_query?bibcode=1992IAUS..151..473M&amp;db_key=AST},
    adsnote = {Provided by the NASA Astrophysics Data System}
}

@ARTICLE{1971PASP...83..638B,
    author = {{Bond}, H.~E. and {Perry}, C.~L.},
    title = "{The Masses of the "Horizontal-Branch" Stars in M 67}",
    journal = {\pasp},
    year = 1971,
    month = oct,
    volume = 83,
    pages = {638-+},
    adsurl = {http://adsabs.harvard.edu/cgi-bin/nph-bib_query?bibcode=1971PASP...83..638B&amp;db_key=AST},
    adsnote = {Provided by the NASA Astrophysics Data System}
}

@ARTICLE{1971PASP...83..768S,
    author = {{Strom}, S.~E. and {Strom}, K.~M. and {Bregman}, J.~N.},
    title = "{The Blue Stars Above the Turn-Off in M67: Horizontal Branch or Blue Stragglers?}",
    journal = {\pasp},
    year = 1971,
    month = dec,
    volume = 83,
    pages = {768-+},
    adsurl = {http://adsabs.harvard.edu/cgi-bin/nph-bib_query?bibcode=1971PASP...83..768S&amp;db_key=AST},
    adsnote = {Provided by the NASA Astrophysics Data System}
}

@ARTICLE{1998ApJ...507..818G,
    author = {{Gilliland}, R.~L. and {Bono}, G. and {Edmonds}, P.~D. and {Caputo}, F. and 
	{Cassisi}, S. and {Petro}, L.~D. and {Saha}, A. and {Shara}, M.~M.
	},
    title = "{Oscillating Blue Stragglers in the Core of 47 Tucanae}",
    journal = {\apj},
    year = 1998,
    month = nov,
    volume = 507,
    pages = {818-845},
    adsurl = {http://adsabs.harvard.edu/cgi-bin/nph-bib_query?bibcode=1998ApJ...507..818G&amp;db_key=AST},
    adsnote = {Provided by the NASA Astrophysics Data System}
}

@ARTICLE{1995ApJ...439..705B,
    author = {{Bailyn}, C.~D. and {Pinsonneault}, M.~H.},
    title = "{On the luminosity function, lifetimes, and origin of blue stragglers in globular clusters}",
    journal = {\apj},
    year = 1995,
    month = feb,
    volume = 439,
    pages = {705-714},
    adsurl = {http://adsabs.harvard.edu/cgi-bin/nph-bib_query?bibcode=1995ApJ...439..705B&amp;db_key=AST},
    adsnote = {Provided by the NASA Astrophysics Data System}
}

@ARTICLE{1989AJ.....98..217L,
    author = {{Leonard}, P.~J.~T.},
    title = "{Stellar collisions in globular clusters and the blue straggler problem}",
    journal = {\aj},
    year = 1989,
    month = jul,
    volume = 98,
    pages = {217-226},
    adsurl = {http://adsabs.harvard.edu/cgi-bin/nph-bib_query?bibcode=1989AJ.....98..217L&amp;db_key=AST},
    adsnote = {Provided by the NASA Astrophysics Data System}
}

@INPROCEEDINGS{1993blst.conf....3L,
    author = {{Livio}, M.},
    title = "{Blue Stragglers: The Failure of Occam's Razor?}",
    booktitle = {ASP Conf. Ser.  53: Blue Stragglers},
    year = 1993,
    pages = {3-+},
    adsurl = {http://adsabs.harvard.edu/cgi-bin/nph-bib_query?bibcode=1993blst.conf....3L&amp;db_key=AST},
    adsnote = {Provided by the NASA Astrophysics Data System}
}

@ARTICLE{1990AJ....100..469M,
    author = {{Mateo}, M. and {Harris}, H.~C. and {Nemec}, J. and {Olszewski}, E.~W.
	},
    title = "{Blue stragglers as remnants of stellar mergers - The discovery of short-period eclipsing binaries in the globular cluster NGC 5466}",
    journal = {\aj},
    year = 1990,
    month = aug,
    volume = 100,
    pages = {469-484},
    adsurl = {http://adsabs.harvard.edu/cgi-bin/nph-bib_query?bibcode=1990AJ....100..469M&amp;db_key=AST},
    adsnote = {Provided by the NASA Astrophysics Data System}
}

@ARTICLE{1994AJ....108.1810Y,
    author = {{Yan}, L. and {Mateo}, M.},
    title = "{Primordial main equence binary stars in the globular cluster M71}",
    journal = {\aj},
    year = 1994,
    month = nov,
    volume = 108,
    pages = {1810-1827},
    adsurl = {http://adsabs.harvard.edu/cgi-bin/nph-bib_query?bibcode=1994AJ....108.1810Y&amp;db_key=AST},
    adsnote = {Provided by the NASA Astrophysics Data System}
}

@ARTICLE{1995A&A...295..101J,
    author = {{Jahn}, K. and {Kaluzny}, J. and {Rucinski}, S.~M.},
    title = "{Variable stars in the field of the open cluster NGC 7789}",
    journal = {\aap},
    year = 1995,
    month = mar,
    volume = 295,
    pages = {101-107},
    adsurl = {http://adsabs.harvard.edu/cgi-bin/nph-bib_query?bibcode=1995A%26A...295..101J&amp;db_key=AST},
    adsnote = {Provided by the NASA Astrophysics Data System}
}

@ARTICLE{1993MNRAS.265...34K,
    author = {{Kaluzny}, J. and {Rucinski}, S.~M.},
    title = "{Discovery of 17 Variable Stars in the Old Open Cluster NGC6791}",
    journal = {\mnras},
    year = 1993,
    month = nov,
    volume = 265,
    pages = {34-+},
    adsurl = {http://adsabs.harvard.edu/cgi-bin/nph-bib_query?bibcode=1993MNRAS.265...34K&amp;db_key=AST},
    adsnote = {Provided by the NASA Astrophysics Data System}
}

@ARTICLE{1994AJ....108.1828M,
    author = {{Milone}, A.~A.~E. and {Latham}, D.~W.},
    title = "{Radial velocities of blue stragglers. 1: A catalog of candidates in six open clusters}",
    journal = {\aj},
    year = 1994,
    month = nov,
    volume = 108,
    pages = {1828-1833},
    adsurl = {http://adsabs.harvard.edu/cgi-bin/nph-bib_query?bibcode=1994AJ....108.1828M&amp;db_key=AST},
    adsnote = {Provided by the NASA Astrophysics Data System}
}

@ARTICLE{1994ApJ...422..597D,
    author = {{de Marchi}, G. and {Paresce}, F.},
    title = "{The stellar population in the core of M15}",
    journal = {\apj},
    year = 1994,
    month = feb,
    volume = 422,
    pages = {597-609},
    adsurl = {http://adsabs.harvard.edu/cgi-bin/nph-bib_query?bibcode=1994ApJ...422..597D&amp;db_key=AST},
    adsnote = {Provided by the NASA Astrophysics Data System}
}

@ARTICLE{1996AJ....111..267G,
    author = {{Guhathakurta}, P. and {Yanny}, B. and {Schneider}, D.~P. and 
	{Bahcall}, J.~N.},
    title = "{Globular Cluster Photometry With the Hubble Space Telescope. V. WFPC Study of M15's Central density Cusp}",
    journal = {\aj},
    year = 1996,
    month = jan,
    volume = 111,
    pages = {267-+},
    adsurl = {http://adsabs.harvard.edu/cgi-bin/nph-bib_query?bibcode=1996AJ....111..267G&amp;db_key=AST},
    adsnote = {Provided by the NASA Astrophysics Data System}
}

@ARTICLE{1994ApJ...435L..59Y,
    author = {{Yanny}, B. and {Guhathakurta}, P. and {Schneider}, D.~P. and 
	{Bahcall}, J.~N.},
    title = "{WFPC2 observations of the globular cluster M30}",
    journal = {\apjl},
    year = 1994,
    month = nov,
    volume = 435,
    pages = {L59-L62},
    adsurl = {http://adsabs.harvard.edu/cgi-bin/nph-bib_query?bibcode=1994ApJ...435L..59Y&amp;db_key=AST},
    adsnote = {Provided by the NASA Astrophysics Data System}
}

@ARTICLE{1998AJ....116.1757G,
    author = {{Guhathakurta}, P. and {Webster}, Z.~T. and {Yanny}, B. and 
	{Schneider}, D.~P. and {Bahcall}, J.~N.},
    title = "{Globular Cluster Photometry with the Hubble Space Telescope. VII. Color Gradients and Blue Stragglers in the Central Region of M30 from Wide Field Planetary Camera 2 Observations}",
    journal = {\aj},
    year = 1998,
    month = oct,
    volume = 116,
    pages = {1757-1774},
    adsurl = {http://adsabs.harvard.edu/cgi-bin/nph-bib_query?bibcode=1998AJ....116.1757G&amp;db_key=AST},
    adsnote = {Provided by the NASA Astrophysics Data System}
}

@ARTICLE{1994A&A...287..769B,
    author = {{Burgarella}, D. and {Paresce}, F. and {Meylan}, G. and {King}, I.~R. and 
	{Greenfield}, P. and {Baxter}, D. and {Jedrzejewski}, R. and 
	{Nota}, A. and {Albrecht}, R. and {Barbieri}, C. and {Blades}, J.~C. and 
	{Boksenberg}, A. and {Crane}, P. and {Deharveng}, J.~M. and 
	{Disney}, M.~J. and {Jakobsen}, P. and {Kamperman}, T.~M. and 
	{Macchetto}, F. and {Mackay}, C.~D. and {Weigelt}, G.},
    title = "{HST observations of the core of globular cluster NGC 6397}",
    journal = {\aap},
    year = 1994,
    month = jul,
    volume = 287,
    pages = {769-781},
    adsurl = {http://adsabs.harvard.edu/cgi-bin/nph-bib_query?bibcode=1994A%26A...287..769B&amp;db_key=AST},
    adsnote = {Provided by the NASA Astrophysics Data System}
}

@ARTICLE{1995AJ....109..639S,
    author = {{Sosin}, C. and {King}, I.~R.},
    title = "{HST observations of the core of the globular cluster NGC 6624}",
    journal = {\aj},
    year = 1995,
    month = feb,
    volume = 109,
    pages = {639-649},
    adsurl = {http://adsabs.harvard.edu/cgi-bin/nph-bib_query?bibcode=1995AJ....109..639S&amp;db_key=AST},
    adsnote = {Provided by the NASA Astrophysics Data System}
}

@ARTICLE{1999ApJ...522..983F,
    author = {{Ferraro}, F.~R. and {Paltrinieri}, B. and {Rood}, R.~T. and 
	{Dorman}, B.},
    title = "{Blue Straggler Stars: The Spectacular Population in M80}",
    journal = {\apj},
    year = 1999,
    month = sep,
    volume = 522,
    pages = {983-990},
    adsurl = {http://adsabs.harvard.edu/cgi-bin/nph-bib_query?bibcode=1999ApJ...522..983F&amp;db_key=AST},
    adsnote = {Provided by the NASA Astrophysics Data System}
}

@ARTICLE{1995MNRAS.276..876D,
    author = {{Davies}, M.~B. and {Benz}, W.},
    title = "{A stellar audit: the computation of encounter rates for 47 Tucanae and omega Centauri}",
    journal = {\mnras},
    year = 1995,
    month = oct,
    volume = 276,
    pages = {876-886},
    adsurl = {http://adsabs.harvard.edu/cgi-bin/nph-bib_query?bibcode=1995MNRAS.276..876D&amp;db_key=AST},
    adsnote = {Provided by the NASA Astrophysics Data System}
}

@ARTICLE{1983Natur.301..587H,
    author = {{Hut}, P. and {Verbunt}, F.},
    title = "{White dwarfs and neutron stars in globular cluster X-ray sources}",
    journal = {\nat},
    year = 1983,
    month = feb,
    volume = 301,
    pages = {587-589},
    adsurl = {http://adsabs.harvard.edu/cgi-bin/nph-bib_query?bibcode=1983Natur.301..587H&amp;db_key=AST},
    adsnote = {Provided by the NASA Astrophysics Data System}
}

@ARTICLE{1993PASP..105.1081S,
    author = {{Stryker}, L.~L.},
    title = "{Blue stragglers}",
    journal = {\pasp},
    year = 1993,
    month = oct,
    volume = 105,
    pages = {1081-1100},
    adsurl = {http://adsabs.harvard.edu/cgi-bin/nph-bib_query?bibcode=1993PASP..105.1081S&amp;db_key=AST},
    adsnote = {Provided by the NASA Astrophysics Data System}
}

@ARTICLE{1994AJ....107.1745Y,
    author = {{Yanny}, B. and {Guhathakurta}, P. and {Bahcall}, J.~N. and 
	{Schneider}, D.~P.},
    title = "{Globular cluster photometry with the Hubble Space Telescope. 2: U, V, and I measurements of M15}",
    journal = {\aj},
    year = 1994,
    month = may,
    volume = 107,
    pages = {1745-1763},
    adsurl = {http://adsabs.harvard.edu/cgi-bin/nph-bib_query?bibcode=1994AJ....107.1745Y&amp;db_key=AST},
    adsnote = {Provided by the NASA Astrophysics Data System}
}

@ARTICLE{1989Natur.339...40G,
    author = {{Goodman}, J. and {Hut}, P.},
    title = "{Primordial binaries and globular cluster evolution}",
    journal = {\nat},
    year = 1989,
    month = may,
    volume = 339,
    pages = {40-42},
    adsurl = {http://adsabs.harvard.edu/cgi-bin/nph-bib_query?bibcode=1989Natur.339...40G&amp;db_key=AST},
    adsnote = {Provided by the NASA Astrophysics Data System}
}

@ARTICLE{1991AJ....102..994L,
    author = {{Leonard}, P.~J.~T. and {Fahlman}, G.~G.},
    title = "{On the origin of the blue stragglers in the globular cluster NGC 5053}",
    journal = {\aj},
    year = 1991,
    month = sep,
    volume = 102,
    pages = {994-1004},
    adsurl = {http://adsabs.harvard.edu/cgi-bin/nph-bib_query?bibcode=1991AJ....102..994L&amp;db_key=AST},
    adsnote = {Provided by the NASA Astrophysics Data System}
}

@ARTICLE{1991ApJ...370..567G,
    author = {{Gao}, B. and {Goodman}, J. and {Cohn}, H. and {Murphy}, B.},
    title = "{Fokker-Planck calculations of star clusters with primordial binaries}",
    journal = {\apj},
    year = 1991,
    month = apr,
    volume = 370,
    pages = {567-582},
    adsurl = {http://adsabs.harvard.edu/cgi-bin/nph-bib_query?bibcode=1991ApJ...370..567G&amp;db_key=AST},
    adsnote = {Provided by the NASA Astrophysics Data System}
}

@ARTICLE{1992MNRAS.257..513H,
    author = {{Heggie}, D.~C. and {Aarseth}, S.~J.},
    title = "{Dynamical effects of primordial binaries in star clusters. I - Equal masses}",
    journal = {\mnras},
    year = 1992,
    month = aug,
    volume = 257,
    pages = {513-536},
    adsurl = {http://adsabs.harvard.edu/cgi-bin/nph-bib_query?bibcode=1992MNRAS.257..513H&amp;db_key=AST},
    adsnote = {Provided by the NASA Astrophysics Data System}
}

@ARTICLE{1990ApJ...362..522M,
    author = {{McMillan}, S. and {Hut}, P. and {Makino}, J.},
    title = "{Star cluster evolution with primordial binaries. I - A comparative study}",
    journal = {\apj},
    year = 1990,
    month = oct,
    volume = 362,
    pages = {522-537},
    adsurl = {http://adsabs.harvard.edu/cgi-bin/nph-bib_query?bibcode=1990ApJ...362..522M&amp;db_key=AST},
    adsnote = {Provided by the NASA Astrophysics Data System}
}
@ARTICLE{1991ApJ...372..111M,
    author = {{McMillan}, S. and {Hut}, P. and {Makino}, J.},
    title = "{Star cluster evolution with primordial binaries. II - Detailed analysis}",
    journal = {\apj},
    year = 1991,
    month = may,
    volume = 372,
    pages = {111-124},
    adsurl = {http://adsabs.harvard.edu/cgi-bin/nph-bib_query?bibcode=1991ApJ...372..111M&amp;db_key=AST},
    adsnote = {Provided by the NASA Astrophysics Data System}
}

@ARTICLE{1994ApJ...427..793M,
    author = {{McMillan}, S. and {Hut}, P.},
    title = "{Star cluster evolution with primordial binaries. 3: Effect of the Galactic tidal field}",
    journal = {\apj},
    year = 1994,
    month = jun,
    volume = 427,
    pages = {793-807},
    adsurl = {http://adsabs.harvard.edu/cgi-bin/nph-bib_query?bibcode=1994ApJ...427..793M&amp;db_key=AST},
    adsnote = {Provided by the NASA Astrophysics Data System}
}

@ARTICLE{1979AJ.....84..752G,
    author = {{Gunn}, J.~E. and {Griffin}, R.~F.},
    title = "{Dynamical studies of globular clusters based on photoelectric radial velocities of individual stars. I - M3}",
    journal = {\aj},
    year = 1979,
    month = jun,
    volume = 84,
    pages = {752-773},
    adsurl = {http://adsabs.harvard.edu/cgi-bin/nph-bib_query?bibcode=1979AJ.....84..752G&amp;db_key=AST},
    adsnote = {Provided by the NASA Astrophysics Data System}
}

@ARTICLE{1996ApJ...458..178V,
    author = {{Vesperini}, E. and {Chernoff}, D.~F.},
    title = "{Truncation of the Binary Distribution Function in Globular Cluster Formation}",
    journal = {\apj},
    year = 1996,
    month = feb,
    volume = 458,
    pages = {178-+},
    adsurl = {http://adsabs.harvard.edu/cgi-bin/nph-bib_query?bibcode=1996ApJ...458..178V&amp;db_key=AST},
    adsnote = {Provided by the NASA Astrophysics Data System}
}

@ARTICLE{1992ApJ...385..604K,
    author = {{Kochanek}, C.~S.},
    title = "{The dynamical evolution of tidal capture binaries}",
    journal = {\apj},
    year = 1992,
    month = feb,
    volume = 385,
    pages = {604-620},
    adsurl = {http://adsabs.harvard.edu/cgi-bin/nph-bib_query?bibcode=1992ApJ...385..604K&amp;db_key=AST},
    adsnote = {Provided by the NASA Astrophysics Data System}
}

@ARTICLE{1996ApJ...466..946K,
    author = {{Kumar}, P. and {Goodman}, J.},
    title = "{Nonlinear Damping of Oscillations in Tidal-Capture Binaries}",
    journal = {\apj},
    year = 1996,
    month = aug,
    volume = 466,
    pages = {946-+},
    adsurl = {http://adsabs.harvard.edu/cgi-bin/nph-bib_query?bibcode=1996ApJ...466..946K&amp;db_key=AST},
    adsnote = {Provided by the NASA Astrophysics Data System}
}

@ARTICLE{1994ApJS...90...83C,
    author = {{Cote}, P. and {Welch}, D.~L. and {Fischer}, P. and {Da Costa}, G.~S. and 
	{Tamblyn}, P. and {Seitzer}, P. and {Irwin}, M.~J.},
    title = "{A search for binaries in the globular cluster NGC 3201}",
    journal = {\apjs},
    year = 1994,
    month = jan,
    volume = 90,
    pages = {83-113},
    adsurl = {http://adsabs.harvard.edu/cgi-bin/nph-bib_query?bibcode=1994ApJS...90...83C&amp;db_key=AST},
    adsnote = {Provided by the NASA Astrophysics Data System}
}

@ARTICLE{1992PASP..104..981H,
    author = {{Hut}, P. and {McMillan}, S. and {Goodman}, J. and {Mateo}, M. and 
	{Phinney}, E.~S. and {Pryor}, C. and {Richer}, H.~B. and {Verbunt}, F. and 
	{Weinberg}, M.},
    title = "{Binaries in globular clusters}",
    journal = {\pasp},
    year = 1992,
    month = nov,
    volume = 104,
    pages = {981-1034},
    adsurl = {http://adsabs.harvard.edu/cgi-bin/nph-bib_query?bibcode=1992PASP..104..981H&amp;db_key=AST},
    adsnote = {Provided by the NASA Astrophysics Data System}
}

@ARTICLE{1997ApJ...474..701R,
    author = {{Rubenstein}, E.~P. and {Bailyn}, C.~D.},
    title = "{Hubble Space Telescope Observations of the Post--Core-Collapse Globular Cluster NGC 6752. II. A Large Main-Sequence Binary Population}",
    journal = {\apj},
    year = 1997,
    month = jan,
    volume = 474,
    pages = {701-+},
    adsurl = {http://adsabs.harvard.edu/cgi-bin/nph-bib_query?bibcode=1997ApJ...474..701R&amp;db_key=AST},
    adsnote = {Provided by the NASA Astrophysics Data System}
}

@ARTICLE{1995A&A...301..675B,
    author = {{Burgarella}, D. and {Paresce}, F. and {Quilichini}, V.},
    title = "{Blue stragglers and horizontal branch stars in the core of the globular cluster M3.}",
    journal = {\aap},
    year = 1995,
    month = sep,
    volume = 301,
    pages = {675-+},
    adsurl = {http://adsabs.harvard.edu/cgi-bin/nph-bib_query?bibcode=1995A%26A...301..675B&amp;db_key=AST},
    adsnote = {Provided by the NASA Astrophysics Data System}
}

@ARTICLE{1995ApJ...447..191G,
    author = {{Gilliland}, R.~L. and {Edmonds}, P.~D. and {Petro}, L. and 
	{Saha}, A. and {Shara}, M.~M.},
    title = "{Stellar Variability in the Central Populations of 47 Tucanae from WF/PC Observations with the Hubble Space Telescope. I. Project Overview, Reduction Techniques, and First Results}",
    journal = {\apj},
    year = 1995,
    month = jul,
    volume = 447,
    pages = {191-+},
    adsurl = {http://adsabs.harvard.edu/cgi-bin/nph-bib_query?bibcode=1995ApJ...447..191G&amp;db_key=AST},
    adsnote = {Provided by the NASA Astrophysics Data System}
}

@ARTICLE{1999AAS...195.7602B,
    author = {{Bolton}, A.~S. and {Cool}, A.~M. and {Anderson}, J.},
    title = "{Main-Sequence Binary Stars in the Core of NGC 6397}",
    journal = {Bulletin of the American Astronomical Society},
    year = 1999,
    month = dec,
    volume = 31,
    pages = {1483-+},
    adsurl = {http://adsabs.harvard.edu/cgi-bin/nph-bib_query?bibcode=1999AAS...195.7602B&amp;db_key=AST},
    adsnote = {Provided by the NASA Astrophysics Data System}
}

@ARTICLE{1974CeMec..10..217H,
    author = {{Heggie}, D.~C.},
    title = "{A global regularisation of the gravitational N-body problem}",
    journal = {Celestial Mechanics},
    year = 1974,
    month = oct,
    volume = 10,
    pages = {217-241},
    adsurl = {http://adsabs.harvard.edu/cgi-bin/nph-bib_query?bibcode=1974CeMec..10..217H&amp;db_key=AST},
    adsnote = {Provided by the NASA Astrophysics Data System}
}

@ARTICLE{2003AJ....125..810S,
    author = {{Sandquist}, E.~L. and {Latham}, D.~W. and {Shetrone}, M.~D. and 
	{Milone}, A.~A.~E.},
    title = "{The Blue Straggler RS Canum Venaticorum Star S1082 in M67: A Detailed Light Curve and the Possibility of a Triple}",
    journal = {\aj},
    year = 2003,
    month = feb,
    volume = 125,
    pages = {810-824},
    adsurl = {http://adsabs.harvard.edu/cgi-bin/nph-bib_query?bibcode=2003AJ....125..810S&amp;db_key=AST},
    adsnote = {Provided by the NASA Astrophysics Data System}
}

@ARTICLE{1997A&A...324..915F,
    author = {{Ferraro}, F.~R. and {Paltrinieri}, B. and {Fusi Pecci}, F. and 
	{Cacciari}, C. and {Dorman}, B. and {Rood}, R.~T. and {Buonanno}, R. and 
	{Corsi}, C.~E. and {Burgarella}, D. and {Laget}, M.},
    title = "{HST observations of blue Straggler stars in the core of the globular cluster M 3.}",
    journal = {\aap},
    year = 1997,
    month = aug,
    volume = 324,
    pages = {915-928},
    adsurl = {http://adsabs.harvard.edu/cgi-bin/nph-bib_query?bibcode=1997A%26A...324..915F&amp;db_key=AST},
    adsnote = {Provided by the NASA Astrophysics Data System}
}

@ARTICLE{1993AJ....106.2324F,
    author = {{Ferraro}, F.~R. and {Pecci}, F.~F. and {Cacciari}, C. and {Corsi}, C. and 
	{Buonanno}, R. and {Fahlman}, G.~G. and {Richer}, H.~B.},
    title = "{Blue Stragglers in the Galactic globular clusters M3: Evidence for two populations}",
    journal = {\aj},
    year = 1993,
    month = dec,
    volume = 106,
    pages = {2324-2334},
    adsurl = {http://adsabs.harvard.edu/cgi-bin/nph-bib_query?bibcode=1993AJ....106.2324F&amp;db_key=AST},
    adsnote = {Provided by the NASA Astrophysics Data System}
}

@ARTICLE{1994ApJ...431L.115S,
    author = {{Sigurdsson}, S. and {Davies}, M.~B. and {Bolte}, M.},
    title = "{Modeling the radial distribution of blue stragglers in M3}",
    journal = {\apjl},
    year = 1994,
    month = aug,
    volume = 431,
    pages = {L115-L118},
    adsurl = {http://adsabs.harvard.edu/cgi-bin/nph-bib_query?bibcode=1994ApJ...431L.115S&amp;db_key=AST},
    adsnote = {Provided by the NASA Astrophysics Data System}
}

@BOOK{2003gmbp.book.....H,
    author = {{Heggie}, D. and {Hut}, P.},
    title = "{The Gravitational Million-Body Problem: A Multidisciplinary Approach to Star Cluster Dynamics}",
    publisher = {The Gravitational Million-Body Problem: A Multidisciplinary Approach to Star Cluster Dynamics, by Douglas Heggie and Piet Hut.~ Cambridge University Press, 2003, 372 pp.},
    year = 2003,
    adsurl = {http://adsabs.harvard.edu/cgi-bin/nph-bib_query?bibcode=2003gmbp.book.....H&amp;db_key=AST},
    adsnote = {Provided by the NASA Astrophysics Data System}
}

@ARTICLE{1975MNRAS.173..729H,
    author = {{Heggie}, D.~C.},
    title = "{Binary evolution in stellar dynamics}",
    journal = {\mnras},
    year = 1975,
    month = dec,
    volume = 173,
    pages = {729-787},
    adsurl = {http://adsabs.harvard.edu/cgi-bin/nph-bib_query?bibcode=1975MNRAS.173..729H&amp;db_key=AST},
    adsnote = {Provided by the NASA Astrophysics Data System}
}

@ARTICLE{1996ApJ...470..521L,
    author = {{Leonard}, P.~J.~T.},
    title = "{The Implications of the Binary Properties of the M67 Blue Stragglers}",
    journal = {\apj},
    year = 1996,
    month = oct,
    volume = 470,
    pages = {521-+},
    adsurl = {http://adsabs.harvard.edu/cgi-bin/nph-bib_query?bibcode=1996ApJ...470..521L&amp;db_key=AST},
    adsnote = {Provided by the NASA Astrophysics Data System}
}

@ARTICLE{1992AJ....103.1928L,
    author = {{Leonard}, P.~J.~T. and {Linnell}, A.~P.},
    title = "{On the possibility of a collisional origin for the blue stragglers and contact binaries in the old open clusters M67 and NGC 188}",
    journal = {\aj},
    year = 1992,
    month = jun,
    volume = 103,
    pages = {1928-1944},
    adsurl = {http://adsabs.harvard.edu/cgi-bin/nph-bib_query?bibcode=1992AJ....103.1928L&amp;db_key=AST},
    adsnote = {Provided by the NASA Astrophysics Data System}
}

@ARTICLE{1984ApJ...282..466K,
    author = {{Krolik}, J.~H. and {Meiksin}, A. and {Joss}, P.~C.},
    title = "{The evolution of highly compact binary stellar systems in globular clusters}",
    journal = {\apj},
    year = 1984,
    month = jul,
    volume = 282,
    pages = {466-480},
    adsurl = {http://adsabs.harvard.edu/cgi-bin/nph-bib_query?bibcode=1984ApJ...282..466K&amp;db_key=AST},
    adsnote = {Provided by the NASA Astrophysics Data System}
}

@ARTICLE{1991AJ....102..704H,
    author = {{Hills}, J.~G.},
    title = "{Computer simulations of encounters between massive black holes and binaries}",
    journal = {\aj},
    year = 1991,
    month = aug,
    volume = 102,
    pages = {704-715},
    adsurl = {http://adsabs.harvard.edu/cgi-bin/nph-bib_query?bibcode=1991AJ....102..704H&amp;db_key=AST},
    adsnote = {Provided by the NASA Astrophysics Data System}
}

@ARTICLE{1992AJ....103.1955H,
    author = {{Hills}, J.~G.},
    title = "{Effect of intruder mass on collisions with hard binaries. II - Dependence on impact parameter and computations of the interaction cross sections}",
    journal = {\aj},
    year = 1992,
    month = jun,
    volume = 103,
    pages = {1955-1969},
    adsurl = {http://adsabs.harvard.edu/cgi-bin/nph-bib_query?bibcode=1992AJ....103.1955H&amp;db_key=AST},
    adsnote = {Provided by the NASA Astrophysics Data System}
}

@ARTICLE{1993ApJ...411..285D,
    author = {{Davies}, M.~B. and {Benz}, W. and {Hills}, J.~G.},
    title = "{Encounters between binaries and neutron stars}",
    journal = {\apj},
    year = 1993,
    month = jul,
    volume = 411,
    pages = {285-297},
    adsurl = {http://adsabs.harvard.edu/cgi-bin/nph-bib_query?bibcode=1993ApJ...411..285D&amp;db_key=AST},
    adsnote = {Provided by the NASA Astrophysics Data System}
}

@ARTICLE{1991ApJ...378..637G,
    author = {{Goodman}, J. and {Hernquist}, L.},
    title = "{Hydrodynamics of collisions between binary stars}",
    journal = {\apj},
    year = 1991,
    month = sep,
    volume = 378,
    pages = {637-655},
    adsurl = {http://adsabs.harvard.edu/cgi-bin/nph-bib_query?bibcode=1991ApJ...378..637G&amp;db_key=AST},
    adsnote = {Provided by the NASA Astrophysics Data System}
}

@ARTICLE{1994ApJ...424..870D,
    author = {{Davies}, M.~B. and {Benz}, W. and {Hills}, J.~G.},
    title = "{Close encounters of the third-body kind}",
    journal = {\apj},
    year = 1994,
    month = apr,
    volume = 424,
    pages = {870-886},
    adsurl = {http://adsabs.harvard.edu/cgi-bin/nph-bib_query?bibcode=1994ApJ...424..870D&amp;db_key=AST},
    adsnote = {Provided by the NASA Astrophysics Data System}
}

@ARTICLE{2000MNRAS.318L..61H,
    author = {{Heggie}, D.~C.},
    title = "{A new outcome of binary-binary scattering}",
    journal = {\mnras},
    year = 2000,
    month = nov,
    volume = 318,
    pages = {L61-L63},
    adsurl = {http://adsabs.harvard.edu/cgi-bin/nph-bib_query?bibcode=2000MNRAS.318L..61H&amp;db_key=AST},
    adsnote = {Provided by the NASA Astrophysics Data System}
}

@ARTICLE{2003MNRAS.345..762L,
    author = {{Lombardi}, J.~C. and {Thrall}, A.~P. and {Deneva}, J.~S. and 
	{Fleming}, S.~W. and {Grabowski}, P.~E.},
    title = "{Modelling collision products of triple-star mergers}",
    journal = {\mnras},
    year = 2003,
    month = nov,
    volume = 345,
    pages = {762-780},
    adsurl = {http://adsabs.harvard.edu/cgi-bin/nph-bib_query?bibcode=2003MNRAS.345..762L&amp;db_key=AST},
    adsnote = {Provided by the NASA Astrophysics Data System}
}

@ARTICLE{1974CeMec...9..465H,
    author = {{Harrington}, R.~S.},
    title = "{The Dynamical Decay of Unstable 4-Body Systems}",
    journal = {Celestial Mechanics},
    year = 1974,
    volume = 9,
    pages = {465-+},
    adsurl = {http://adsabs.harvard.edu/cgi-bin/nph-bib_query?bibcode=1974CeMec...9..465H&amp;db_key=AST},
    adsnote = {Provided by the NASA Astrophysics Data System}
}

@ARTICLE{2002ApJ...576..894M,
    author = {{Miller}, M.~C. and {Hamilton}, D.~P.},
    title = "{Four-Body Effects in Globular Cluster Black Hole Coalescence}",
    journal = {\apj},
    year = 2002,
    month = sep,
    volume = 576,
    pages = {894-898},
    adsurl = {http://adsabs.harvard.edu/cgi-bin/nph-bib_query?bibcode=2002ApJ...576..894M&amp;db_key=AST},
    adsnote = {Provided by the NASA Astrophysics Data System}
}

@ARTICLE{1996ApJ...468..797L,
    author = {{Lombardi}, J.~C. and {Rasio}, F.~A. and {Shapiro}, S.~L.},
    title = "{Collisions of Main-Sequence Stars and the Formation of Blue Stragglers in Globular Clusters}",
    journal = {\apj},
    year = 1996,
    month = sep,
    volume = 468,
    pages = {797-+},
    adsurl = {http://adsabs.harvard.edu/cgi-bin/nph-bib_query?bibcode=1996ApJ...468..797L&amp;db_key=AST},
    adsnote = {Provided by the NASA Astrophysics Data System}
}

@ARTICLE{2002ApJ...568..939L,
    author = {{Lombardi}, J.~C. and {Warren}, J.~S. and {Rasio}, F.~A. and 
	{Sills}, A. and {Warren}, A.~R.},
    title = "{Stellar Collisions and the Interior Structure of Blue Stragglers}",
    journal = {\apj},
    year = 2002,
    month = apr,
    volume = 568,
    pages = {939-953},
    adsurl = {http://adsabs.harvard.edu/cgi-bin/nph-bib_query?bibcode=2002ApJ...568..939L&amp;db_key=AST},
    adsnote = {Provided by the NASA Astrophysics Data System}
}

@ARTICLE{2001ApJ...559.1060A,
    author = {{Albrow}, M.~D. and {Gilliland}, R.~L. and {Brown}, T.~M. and 
	{Edmonds}, P.~D. and {Guhathakurta}, P. and {Sarajedini}, A.
	},
    title = "{The Frequency of Binary Stars in the Core of 47 Tucanae}",
    journal = {\apj},
    year = 2001,
    month = oct,
    volume = 559,
    pages = {1060-1081},
    adsurl = {http://adsabs.harvard.edu/cgi-bin/nph-bib_query?bibcode=2001ApJ...559.1060A&amp;db_key=AST},
    adsnote = {Provided by the NASA Astrophysics Data System}
}

@ARTICLE{1995ApJ...445L.117L,
    author = {{Lombardi}, J.~C. and {Rasio}, F.~A. and {Shapiro}, S.~L.},
    title = "{On blue straggler formation by direct collisions of main sequence stars}",
    journal = {\apjl},
    year = 1995,
    month = jun,
    volume = 445,
    pages = {L117-L120},
    adsurl = {http://adsabs.harvard.edu/cgi-bin/nph-bib_query?bibcode=1995ApJ...445L.117L&amp;db_key=AST},
    adsnote = {Provided by the NASA Astrophysics Data System}
}

@ARTICLE{2000AJ....120..319R,
    author = {{Rucinski}, S.~M.},
    title = "{W UMA-Type Binary Stars in Globular Clusters}",
    journal = {\aj},
    year = 2000,
    month = jul,
    volume = 120,
    pages = {319-332},
    adsurl = {http://adsabs.harvard.edu/cgi-bin/nph-bib_query?bibcode=2000AJ....120..319R&amp;db_key=AST},
    adsnote = {Provided by the NASA Astrophysics Data System}
}

@ARTICLE{2002AJ....123.1509B,
    author = {{Bellazzini}, M. and {Fusi Pecci}, F. and {Messineo}, M. and 
	{Monaco}, L. and {Rood}, R.~T.},
    title = "{Deep Hubble Space Telescope WFPC2 Photometry of NGC 288. I. Binary Systems and Blue Stragglers}",
    journal = {\aj},
    year = 2002,
    month = mar,
    volume = 123,
    pages = {1509-1527},
    adsurl = {http://adsabs.harvard.edu/cgi-bin/nph-bib_query?bibcode=2002AJ....123.1509B&amp;db_key=AST},
    adsnote = {Provided by the NASA Astrophysics Data System}
}

@ARTICLE{2000ApJ...535..298S,
    author = {{Sills}, A. and {Bailyn}, C.~D. and {Edmonds}, P.~D. and {Gilliland}, R.~L.
        },
    title = "{The Formation Rate of Blue Stragglers in 47 Tucanae}",
    journal = {\apj},
    year = 2000,
    month = may,
    volume = 535,
    pages = {298-303},
    adsurl = {http://adsabs.harvard.edu/cgi-bin/nph-bib_query?bibcode=2000ApJ...535..298S&amp;db_key=AST},
    adsnote = {Provided by the NASA Astrophysics Data System}
}

@ARTICLE{1999ApJ...513..428S,
    author = {{Sills}, A. and {Bailyn}, C.~D.},
    title = "{The Distribution of Collisionally Induced Blue Stragglers in the Color-Magnitude Diagram}",
    journal = {\apj},
    year = 1999,
    month = mar,
    volume = 513,
    pages = {428-441},
    adsurl = {http://adsabs.harvard.edu/cgi-bin/nph-bib_query?bibcode=1999ApJ...513..428S&amp;db_key=AST},
    adsnote = {Provided by the NASA Astrophysics Data System}
}

@ARTICLE{2003ApJ...588..464F,
    author = {{Ferraro}, F.~R. and {Sills}, A. and {Rood}, R.~T. and {Paltrinieri}, B. and 
	{Buonanno}, R.},
    title = "{Blue Straggler Stars: A Direct Comparison of Star Counts and Population Ratios in Six Galactic Globular Clusters}",
    journal = {\apj},
    year = 2003,
    month = may,
    volume = 588,
    pages = {464-477},
    adsurl = {http://adsabs.harvard.edu/cgi-bin/nph-bib_query?bibcode=2003ApJ...588..464F&amp;db_key=AST},
    adsnote = {Provided by the NASA Astrophysics Data System}
}

@INPROCEEDINGS{2002scmc.conf..157S,
    author = {{Saffer}, R.~A. and {Sepinski}, J.~F. and {Demarchi}, G. and 
	{Livio}, M. and {Paresce}, F. and {Shara}, M.~M. and {Zurek}, D.
        },
    title = "{Massive, Collisionally Produced Blue Stragglers in the Galactic Globular Cluster NGC 6397}",
    booktitle = {ASP Conf. Ser. 263: Stellar Collisions, Mergers and their Consequences},
    year = 2002,
    pages = {157-+},
    adsurl = {http://adsabs.harvard.edu/cgi-bin/nph-bib_query?bibcode=2002scmc.conf..157S&amp;db_key=AST},
    adsnote = {Provided by the NASA Astrophysics Data System}
}

@ARTICLE{2003MNRAS.343..781G,
    author = {{Giersz}, M. and {Spurzem}, R.},
    title = "{A stochastic Monte Carlo approach to modelling real star cluster evolution - III. Direct integration of three- and four-body interactions}",
    journal = {\mnras},
    year = 2003,
    month = aug,
    volume = 343,
    pages = {781-795},
    adsurl = {http://adsabs.harvard.edu/cgi-bin/nph-bib_query?bibcode=2003MNRAS.343..781G&amp;db_key=AST},
    adsnote = {Provided by the NASA Astrophysics Data System}
}

@ARTICLE{2000ApJ...535..385F,
    author = {{Ford}, E.~B. and {Kozinsky}, B. and {Rasio}, F.~A.},
    title = "{Secular Evolution of Hierarchical Triple Star Systems}",
    journal = {\apj},
    year = 2000,
    month = may,
    volume = 535,
    pages = {385-401},
    adsurl = {http://adsabs.harvard.edu/cgi-bin/nph-bib_query?bibcode=2000ApJ...535..385F&amp;db_key=AST},
    adsnote = {Provided by the NASA Astrophysics Data System}
}

@ARTICLE{2004MNRAS.352....1F,
   author = {{Fregeau}, J.~M. and {Cheung}, P. and {Portegies Zwart}, S.~F. and 
	{Rasio}, F.~A.},
    title = "{Stellar collisions during binary-binary and binary-single star interactions}",
  journal = {\mnras},
   eprint = {arXiv:astro-ph/0401004},
 keywords = {stellar dynamics, methods: N-body simulations, methods: numerical, binaries: close, blue stragglers, globular clusters: general},
     year = 2004,
    month = jul,
   volume = 352,
    pages = {1-19},
      doi = {10.1111/j.1365-2966.2004.07914.x},
   adsurl = {http://adsabs.harvard.edu/abs/2004MNRAS.352....1F},
  adsnote = {Provided by the SAO/NASA Astrophysics Data System}
}

